<?xml version="1.0" encoding="UTF-8"?><record xmlns="http://www.loc.gov/MARC21/slim" xmlns:cinclude="http://apache.org/cocoon/include/1.0" xmlns:zs="http://www.loc.gov/zing/srw/">
  <leader>00344cz  a2200121n  4500</leader>
  <controlfield tag="001">n  93022241 </controlfield>
  <controlfield tag="003">DLC</controlfield>
  <controlfield tag="005">20130314090457.0</controlfield>
  <controlfield tag="008">930310n| azannaab           |n aaa      </controlfield>
  <datafield tag="010" ind1=" " ind2=" ">
    <subfield code="a">n  93022241 </subfield>
    <subfield code="z">no 98013213 </subfield>
  </datafield>
  <datafield tag="040" ind1=" " ind2=" ">
    <subfield code="a">DLC</subfield>
    <subfield code="b">eng</subfield>
    <subfield code="e">rda</subfield>
    <subfield code="c">DLC</subfield>
    <subfield code="d">DLC</subfield>
  </datafield>
  <datafield tag="100" ind1="1" ind2=" ">
    <subfield code="a">Jenkins, Nigel</subfield>
    <subfield code="c">(Guitarist)</subfield>
  </datafield>
  <datafield tag="670" ind1=" " ind2=" ">
    <subfield code="a">Rock odyssey [SR] p1988:</subfield>
    <subfield code="b">container (Nigel Jenkins)</subfield>
  </datafield>
</record>